<record><leader>00000cas a22000007a 4500</leader><controlfield tag="001">17655529</controlfield><controlfield tag="008">880321d18881957ohuwr ne      0    0eng d</controlfield><datafield ind1=" " ind2=" " tag="010"><subfield code="a">sn 88078316 </subfield></datafield><datafield ind1=" " ind2=" " tag="040"><subfield code="a">ONP</subfield><subfield code="b">eng</subfield><subfield code="c">ONP</subfield><subfield code="d">OCLCQ</subfield></datafield><datafield ind1=" " ind2=" " tag="042"><subfield code="a">msc</subfield></datafield><datafield ind1="0" ind2=" " tag="130"><subfield code="a">Leetonia reporter (Leetonia, Ohio : 1888)</subfield></datafield><datafield ind1="1" ind2="0" tag="245"><subfield code="a">Leetonia reporter.</subfield></datafield><datafield ind1=" " ind2=" " tag="260"><subfield code="a">Leetonia, Ohio :</subfield><subfield code="b">T.S. Arnold,</subfield><subfield code="c">-1957.</subfield></datafield><datafield ind1=" " ind2=" " tag="310"><subfield code="a">Weekly,</subfield><subfield code="b">July 13, 1894-May 31, 1957</subfield></datafield><datafield ind1=" " ind2=" " tag="321"><subfield code="a">Weekly,</subfield><subfield code="b">Nov. 30, 1888-June 8, 1894</subfield></datafield><datafield ind1=" " ind2=" " tag="321"><subfield code="a">Semiweekly,</subfield><subfield code="b">June 13-July 7, 1894</subfield></datafield><datafield ind1="1" ind2=" " tag="362"><subfield code="a">Began with Nov. 30, 1888 issue.</subfield></datafield><datafield ind1="0" ind2=" " tag="362"><subfield code="a">-v. 86, no. 22 (May 31, 1957).</subfield></datafield><datafield ind1=" " ind2=" " tag="588"><subfield code="a">Description based on: Vol. 15, no. 1 (July 5, 1889).</subfield></datafield><datafield ind1=" " ind2=" " tag="752"><subfield code="a">United States</subfield><subfield code="b">Ohio</subfield><subfield code="c">Columbiana</subfield><subfield code="d">Leetonia.</subfield></datafield><datafield ind1="0" ind2="0" tag="780"><subfield code="t">Leetonia Democrat</subfield><subfield code="w">(DLC)sn 88078317</subfield></datafield></record>